@article{wadler,
 author = {Wadler, Philip},
 title = {Propositions As Types},
 journal = {Commun. ACM},
 issue_date = {December 2015},
 volume = {58},
 number = {12},
 month = nov,
 year = {2015},
 issn = {0001-0782},
 numpages = {10},
 url = {http://doi.acm.org/10.1145/2699407},
 doi = {10.1145/2699407},
 acmid = {2699407},
 publisher = {ACM},
 address = {New York, NY, USA},
}

@book{edwin,
 author = {Brady, Edwin},
 title = {Type-Driven Development with Idris},
 month = mar,
 year = 2017,
 isbn = 9781617293023,
 numpages = 480,
 url = {https://www.manning.com/books/type-driven-development-with-idris},
 publisher = {Manning},
}

@book{pierce,
 author = {Benjamin C. Pierce and Arthur Azevedo de Amorim 
           and Chris Casinghino and Marco Gaboardi and
           Michael Greenberg and C\v{a}t\v{a}lin Hri\c{t}cu 
           and Vilhelm Sj\"{o}berg and Brent Yorgey},
 title = "Software Foundations",
 year = "2017",
 publisher = "Electronic textbook",                  
 note = {Version 4.2.  \URL{http://www.cis.upenn.edu/~bcpierce/sf}},
 ebook = {http://www.cis.upenn.edu/~bcpierce/sf},
}

